<record><leader>00000cas a2200000 a 4500</leader><controlfield tag="001">38131829</controlfield><controlfield tag="008">971224d199u199uiluwr ne      0   a0eng c</controlfield><datafield ind1=" " ind2=" " tag="010"><subfield code="a">sn 97062080 </subfield></datafield><datafield ind1=" " ind2=" " tag="040"><subfield code="a">CVF</subfield><subfield code="b">eng</subfield><subfield code="c">CVF</subfield><subfield code="d">OCLCQ</subfield><subfield code="d">OCLCF</subfield><subfield code="d">OCLCO</subfield><subfield code="d">NVF</subfield><subfield code="d">OCLCO</subfield><subfield code="d">NVF</subfield><subfield code="d">OCLCO</subfield><subfield code="d">OCL</subfield></datafield><datafield ind1="1" ind2=" " tag="029"><subfield code="a">AU@</subfield><subfield code="b">000013713181</subfield></datafield><datafield ind1=" " ind2=" " tag="042"><subfield code="a">pcc</subfield></datafield><datafield ind1=" " ind2=" " tag="043"><subfield code="a">n-us-il</subfield></datafield><datafield ind1="0" ind2=" " tag="130"><subfield code="a">News-star (Chicago, Ill. : North Town Rogers Park Edgewater Ravenswood Albany Park ed.)</subfield></datafield><datafield ind1="1" ind2="0" tag="245"><subfield code="a">News-star.</subfield></datafield><datafield ind1="1" ind2="3" tag="246"><subfield code="a">North Town Rogers Park Edgewater Ravenswood Albany Park news-star</subfield></datafield><datafield ind1="3" ind2=" " tag="246"><subfield code="a">News star</subfield></datafield><datafield ind1="3" ind2=" " tag="246"><subfield code="a">North Town Rogers Park Edgewater Ravenswood Albany Park news star</subfield></datafield><datafield ind1=" " ind2=" " tag="250"><subfield code="a">North Town Rogers Park Edgewater Ravenswood Albany Park ed.</subfield></datafield><datafield ind1=" " ind2=" " tag="260"><subfield code="a">Chicago, Ill. :</subfield><subfield code="b">Lerner Communications Inc.</subfield></datafield><datafield ind1=" " ind2=" " tag="300"><subfield code="a">volumes</subfield></datafield><datafield ind1=" " ind2=" " tag="310"><subfield code="a">Weekly</subfield></datafield><datafield ind1=" " ind2=" " tag="500"><subfield code="a">Issues for Jan. 5-24, 1995 called: North Town Rogers Park Edgewater Ravenswood Albany Park Andersonville Uptown ed.</subfield></datafield><datafield ind1=" " ind2=" " tag="580"><subfield code="a">Formed by the union of: North Town news-star, and: Rogers Park-Edgewater-Uptown news-star, and: Ravenswood-Albany Park news-star.</subfield></datafield><datafield ind1=" " ind2=" " tag="580"><subfield code="a">Merged with: News-star (Chicago, Ill. : North Center Lincoln Belmont Lake View Lake Shore ed.), to form: News-star (Chicago, Ill.).</subfield></datafield><datafield ind1=" " ind2=" " tag="588"><subfield code="a">Description based on: 90th year, no. 41 (Oct. 14, 1992).</subfield></datafield><datafield ind1=" " ind2=" " tag="588"><subfield code="a">Latest issue consulted: Jan. 24, 1996.</subfield></datafield><datafield ind1=" " ind2="0" tag="650"><subfield code="a">Community newspapers</subfield><subfield code="z">Illinois</subfield><subfield code="z">Chicago.</subfield></datafield><datafield ind1=" " ind2="0" tag="651"><subfield code="a">Old Town (Chicago, Ill.)</subfield><subfield code="v">Newspapers.</subfield></datafield><datafield ind1=" " ind2="0" tag="651"><subfield code="a">Rogers Park (Chicago, Ill.)</subfield><subfield code="v">Newspapers.</subfield></datafield><datafield ind1=" " ind2="0" tag="651"><subfield code="a">Edgewater (Chicago, Ill.)</subfield><subfield code="v">Newspapers.</subfield></datafield><datafield ind1=" " ind2="0" tag="651"><subfield code="a">Ravenswood (Chicago, Ill.)</subfield><subfield code="v">Newspapers.</subfield></datafield><datafield ind1=" " ind2="0" tag="651"><subfield code="a">Albany Park (Chicago, Ill.)</subfield><subfield code="v">Newspapers.</subfield></datafield><datafield ind1=" " ind2="7" tag="655"><subfield code="a">Newspapers.</subfield><subfield code="2">fast</subfield><subfield code="0">(OCoLC)fst01423814</subfield></datafield><datafield ind1=" " ind2="7" tag="650"><subfield code="a">Community newspapers.</subfield><subfield code="2">fast</subfield><subfield code="0">(OCoLC)fst00871103</subfield></datafield><datafield ind1=" " ind2="7" tag="651"><subfield code="a">Illinois</subfield><subfield code="z">Chicago.</subfield><subfield code="2">fast</subfield><subfield code="0">(OCoLC)fst01204048</subfield></datafield><datafield ind1=" " ind2="7" tag="651"><subfield code="a">Illinois</subfield><subfield code="z">Chicago</subfield><subfield code="z">Albany Park.</subfield><subfield code="2">fast</subfield><subfield code="0">(OCoLC)fst01324641</subfield></datafield><datafield ind1=" " ind2="7" tag="651"><subfield code="a">Illinois</subfield><subfield code="z">Chicago</subfield><subfield code="z">Edgewater.</subfield><subfield code="2">fast</subfield><subfield code="0">(OCoLC)fst01323393</subfield></datafield><datafield ind1=" " ind2="7" tag="651"><subfield code="a">Illinois</subfield><subfield code="z">Chicago</subfield><subfield code="z">Old Town.</subfield><subfield code="2">fast</subfield><subfield code="0">(OCoLC)fst01926130</subfield></datafield><datafield ind1=" " ind2="7" tag="651"><subfield code="a">Illinois</subfield><subfield code="z">Chicago</subfield><subfield code="z">Ravenswood.</subfield><subfield code="2">fast</subfield><subfield code="0">(OCoLC)fst01329781</subfield></datafield><datafield ind1=" " ind2="7" tag="651"><subfield code="a">Illinois</subfield><subfield code="z">Chicago</subfield><subfield code="z">Rogers Park.</subfield><subfield code="2">fast</subfield><subfield code="0">(OCoLC)fst01314166</subfield></datafield><datafield ind1=" " ind2=" " tag="752"><subfield code="a">United States</subfield><subfield code="b">Illinois</subfield><subfield code="c">Cook County</subfield><subfield code="d">Chicago.</subfield></datafield><datafield ind1="1" ind2="4" tag="780"><subfield code="t">North Town news-star</subfield><subfield code="w">(DLC)sn 94054666</subfield><subfield code="w">(OCoLC)30018033</subfield></datafield><datafield ind1="1" ind2="4" tag="780"><subfield code="t">Rogers Park-Edgewater-Uptown news-star</subfield><subfield code="w">(DLC)sn 96070061</subfield><subfield code="w">(OCoLC)35423765</subfield></datafield><datafield ind1="1" ind2="4" tag="780"><subfield code="t">Ravenswood-Albany Park news-star</subfield><subfield code="w">(DLC)sn 91055361</subfield><subfield code="w">(OCoLC)23955247</subfield></datafield><datafield ind1="1" ind2="7" tag="785"><subfield code="t">News-star (Chicago, Ill. : North Center Lincoln Belmont Lake View Lake Shore ed.)</subfield><subfield code="w">(DLC)sn 94054722</subfield><subfield code="w">(OCoLC)30727042</subfield></datafield><datafield ind1="1" ind2="7" tag="785"><subfield code="t">News-star (Chicago, Ill.)</subfield><subfield code="w">(DLC)sn 97062079</subfield><subfield code="w">(OCoLC)38131767</subfield></datafield></record>